@article{lin2017deep,
  title={Deep Convolutional Highway Unit Network for SAR Target Classification With Limited Labeled Training Data},
  author={Lin, Zhao and Ji, Kefeng and Kang, Miao and Leng, Xiangguang and Zou, Huanxin},
  journal={IEEE Geoscience and Remote Sensing Letters},
  year={2017},
  publisher={IEEE}
}

@article{ding2016convolutional,
  title={Convolutional neural network with data augmentation for SAR target recognition},
  author={Ding, Jun and Chen, Bo and Liu, Hongwei and Huang, Mengyuan},
  journal={IEEE Geoscience and Remote Sensing Letters},
  volume={13},
  number={3},
  pages={364--368},
  year={2016},
  publisher={IEEE}
}

@article{chen2016target,
  title={Target classification using the deep convolutional networks for SAR images},
  author={Chen, Sizhe and Wang, Haipeng and Xu, Feng and Jin, Ya-Qiu},
  journal={IEEE Transactions on Geoscience and Remote Sensing},
  volume={54},
  number={8},
  pages={4806--4817},
  year={2016},
  publisher={IEEE}
}

@inproceedings{schwegmann2017development,
  title={The development of deep learning in synthetic aperture radar imagery},
  author={Schwegmann, CP and Kleynhans, W and Salmon, BP},
  booktitle={Remote Sensing with Intelligent Processing (RSIP), 2017 International Workshop on},
  pages={1--2},
  year={2017},
  organization={IEEE}
}


@article{chierchia2017sar,
  title={SAR image despeckling through convolutional neural networks},
  author={Chierchia, Giovanni and Cozzolino, Davide and Poggi, Giovanni and Verdoliva, Luisa},
  journal={arXiv preprint arXiv:1704.00275},
  year={2017}
}

@article{kussul2017deep,
  title={Deep Learning Classification of Land Cover and Crop Types Using Remote Sensing Data},
  author={Kussul, Nataliia and Lavreniuk, Mykola and Skakun, Sergii and Shelestov, Andrii},
  journal={IEEE Geoscience and Remote Sensing Letters},
  volume={14},
  number={5},
  pages={778--782},
  year={2017},
  publisher={IEEE}
}

@article{guo2017synthetic,
  title={Synthetic Aperture Radar Image Synthesis by Using Generative Adversarial Nets},
  author={Guo, Jiayi and Lei, Bin and Ding, Chibiao and Zhang, Yueting},
  journal={IEEE Geoscience and Remote Sensing Letters},
  year={2017},
  publisher={IEEE}
}

@article{perezsemi,
  title={Semi-Supervised Multitask Learning on Multispectral Satellite Images Using Wasserstein Generative Adversarial Networks (GANs) for Predicting Poverty},
  author={Perez, Anthony and Ganguli, Swetava and Ermon, Stefano and Azzari, George and Burke, Marshall and Lobell, David},
  journal={Technical Report},
  year={2017}
}

@article{lin2016deep,
  title={Deep Unsupervised Representation Learning for Remote Sensing Images},
  author={Lin, DaoYu},
  journal={arXiv preprint arXiv:1612.08879},
  year={2016}
}

@inproceedings{mou2017cnn,
  title={A CNN for the identification of corresponding patches in SAR and optical imagery of urban scenes},
  author={Mou, Lichao and Schmitt, Michael and Wang, Yuanyuan and Zhu, Xiao Xiang},
  booktitle={Urban Remote Sensing Event (JURSE), 2017 Joint},
  pages={1--4},
  year={2017},
  organization={IEEE}
}

@inproceedings{merkle2017possibility,
  title={On the Possibility of Conditional Adversarial Networks for SAR Template Generation},
  author={Merkle, Nina and Fischer, Peter and Auer, Stefan and M{\"u}ller, Rupert},
  booktitle={Geoscience and Remote Sensing Symposium (IGARSS), 2017 IEEE International},
  year={2017},
  organization={IEEE} 
}

@article{dumitru2016land,
  title={Land Cover Semantic Annotation Derived from High-Resolution SAR Images},
  author={Dumitru, Corneliu Octavian and Schwarz, Gottfried and Datcu, Mihai},
  journal={IEEE Journal of Selected Topics in Applied Earth Observations and Remote Sensing},
  volume={9},
  number={6},
  pages={2215--2232},
  year={2016},
  publisher={IEEE}
}

@inproceedings{he2016deep,
  title={Deep residual learning for image recognition},
  author={He, Kaiming and Zhang, Xiangyu and Ren, Shaoqing and Sun, Jian},
  booktitle={Proceedings of the IEEE conference on computer vision and pattern recognition},
  pages={770--778},
  year={2016}
}

@article{wang2017adversarial,
  title={Adversarial Generation of Training Examples for Vehicle License Plate Recognition},
  author={Wang, Xinlong and You, Mingyu and Shen, Chunhua},
  journal={arXiv preprint arXiv:1707.03124},
  year={2017}
}

@article{berthelot2017began,
  title={Began: Boundary equilibrium generative adversarial networks},
  author={Berthelot, David and Schumm, Tom and Metz, Luke},
  journal={arXiv preprint arXiv:1703.10717},
  year={2017}
}

